
@book{maccloy_robotertechnik:_1989,
	location = {Weinheim},
	title = {Robotertechnik: Einführung},
	isbn = {978-3-527-26917-4},
	series = {Robotik},
	shorttitle = {Robotertechnik},
	pagetotal = {412},
	publisher = {{VCH}},
	author = {{MacCloy}, Don and Harris, Michael J.},
	date = {1989},
	note = {{OCLC}: 75094788},
	file = {Table of Contents PDF:/home/logol/Zotero/storage/PGB53WE8/MacCloy and Harris - 1989 - Robotertechnik Einführung.pdf:application/pdf}
}

@book{weber_industrieroboter:_2017,
	location = {München},
	edition = {3., neu bearbeitete Auflage},
	title = {Industrieroboter: Methoden der Steuerung und Regelung},
	isbn = {978-3-446-43355-7 978-3-446-43578-0},
	shorttitle = {Industrieroboter},
	pagetotal = {242},
	publisher = {Fachbuchverlag Leipzig im Carl Hanser Verlag},
	author = {Weber, Wolfgang},
	date = {2017},
	note = {{OCLC}: 947105564},
	file = {Table of Contents PDF:/home/logol/Zotero/storage/AMC9WPBB/Weber - 2017 - Industrieroboter Methoden der Steuerung und Regel.pdf:application/pdf}
}

@collection{hesse_taschenbuch_2016,
	location = {München},
	edition = {2., neu bearbeitete Auflage},
	title = {Taschenbuch Robotik - Montage - Handhabung},
	isbn = {978-3-446-44365-5 978-3-446-44549-9},
	pagetotal = {614},
	publisher = {Fachbuchverlag Leipzig im Carl Hanser Verlag},
	editor = {Hesse, Stefan and Malisa, Viktorio},
	date = {2016},
	note = {{OCLC}: 932644906},
	file = {Table of Contents PDF:/home/logol/Zotero/storage/CUV67CSB/Hesse and Malisa - 2016 - Taschenbuch Robotik - Montage - Handhabung.pdf:application/pdf}
}

@article{merkelt_neuroprothesen:_2015,
	title = {Neuroprothesen: High-Five mit Roboterarm},
	url = {https://www.spektrum.de/news/neuroprothese-gelaehmter-steuert-roboterarm-mit-blosser-vorstellungskraft/1347474},
	shorttitle = {Neuroprothesen},
	abstract = {Patient steuert Prothese mit reiner Willenskraft},
	number = {21},
	journaltitle = {Spektrum - Die Woche},
	author = {Merkelt, Judith},
	urldate = {2018-06-13},
	date = {2015},
	langid = {german},
	file = {Snapshot:/home/logol/Zotero/storage/DVN6FCUY/1347474.html:text/html}
}

@misc{kuka_gmbh_kr_2018,
	title = {{KR} {AGILUS} sixx Spezifikation},
	author = {{KUKA GmbH}},
	date = {2018-04-19},
	file = {KUKA GmbH - 2018 - KR AGILUS sixx Spezifikation.pdf:/home/logol/Documents/Uni/HTW Berlin/Semester 1/Gesellschaftliche Aspekte der Informatik/externe Ressourcen/KUKA GmbH - 2018 - KR AGILUS sixx Spezifikation.pdf:application/pdf}
}

@book{schunke_funktionelle_2014,
	location = {Stuttgart New York},
	edition = {2., vollständig überarbeitete Auflage},
	title = {Funktionelle Anatomie: Topografie und Funktion des Bewegungssystems},
	isbn = {978-3-13-118572-3 978-3-13-169402-7 978-3-13-199682-4},
	shorttitle = {Funktionelle Anatomie},
	abstract = {Handbuch für Physiotherapeuten und Studierende der Humanmedizin, in dem die Anatomie des Bewegungssystems mit klinischen Bezügen und Funktionsweisen verständlich dargestellt wird},
	pagetotal = {391},
	publisher = {Georg Thieme Verlag},
	author = {Schünke, Michael},
	date = {2014},
	note = {{OCLC}: 875226062}
}

@book{kruse_mehrobjekt-zustandsschatzung_2013,
	location = {Karlsruhe},
	title = {Mehrobjekt-Zustandsschätzung mit verteilten Sensorträgern am Beispiel der Umfeldwahrnehmung im Straßenverkehr},
	isbn = {978-3-86644-982-4},
	series = {Forschungsberichte aus der industriellen Informationstechnik},
	pagetotal = {186},
	number = {Bd. 5},
	publisher = {{KIT} Scientific Publishing},
	author = {Kruse, Marco},
	date = {2013},
	note = {{OCLC}: 840010245},
	file = {Table of Contents PDF:/home/logol/Zotero/storage/WBXIAAS7/Kruse - 2013 - Mehrobjekt-Zustandsschätzung mit verteilten Sensor.pdf:application/pdf}
}

@book{hertzberg_mobile_2012,
	location = {Berlin},
	title = {Mobile Roboter: eine Einführung aus Sicht der Informatik},
	isbn = {978-3-642-01726-1 978-3-642-01725-4},
	series = {{eXamen}.press},
	shorttitle = {Mobile Roboter},
	pagetotal = {389},
	publisher = {Springer Vieweg},
	author = {Hertzberg, Joachim and Lingemann, Kai and Nüchter, Andreas},
	date = {2012},
	note = {{OCLC}: 554956189},
	file = {Table of Contents PDF:/home/logol/Zotero/storage/GVIE8DZN/Hertzberg et al. - 2012 - Mobile Roboter eine Einführung aus Sicht der Info.pdf:application/pdf}
}

@article{guittet_spartacus_1979,
	title = {The Spartacus telethesis: manipulator control studies},
	volume = {16},
	issn = {0007-506X},
	shorttitle = {The Spartacus telethesis},
	abstract = {This paper describes a method and an experimental system permitting a severely handicapped operator, such as a quadriplegic, to control a telemanipulator. These developments form the first phase in the design of the Spartacus "telethesis". This is a manipulator system specifically developed for a quadriplegic person. Manipulator control experiments which are discussed concern four quadriplegics who have used the experimental system for significant periods of time. The present system is a laboratory simulation of a telethesis, consisting of an industrial manipulator controlled by a mini-computer. A flexible semi-sequential control and a variety of transducers permit the system to be adapted to the individual user. Thus far, the experiments performed have shown the feasibility for the four quadriplegics to effectively control a telemanipulator, using head movements and some remaining arm movements in various modes of end-point control. In particular, a position control and a "piloting" type of velocity control, both with the addition of some force limitation, have given promising results.},
	pages = {69--105},
	number = {2},
	journaltitle = {Bulletin of Prosthetics Research},
	shortjournal = {Bull Prosthet Res},
	author = {Guittet, J. and Kwee, H. H. and Quetin, N. and Yclon, J.},
	date = {1979},
	pmid = {519089},
	keywords = {Activities of Daily Living, Adult, Electromyography, Electronics, Female, Head, Humans, Male, Man-Machine Systems, Middle Aged, Movement, Quadriplegia, Safety, Self-Help Devices, Transducers, Voice}
}

@online{feess_definition:_2018,
	title = {Definition: Bionik},
	url = {https://wirtschaftslexikon.gabler.de/definition/bionik-27087/version-250750},
	shorttitle = {Definition},
	titleaddon = {Gabler Wirtschaftslexikon Online},
	type = {Lexikon},
	author = {Feess, Eberhard},
	urldate = {2018-06-19},
	date = {2018-02-19},
	langid = {german},
	file = {Snapshot:/home/logol/Zotero/storage/MZQ6IHNR/version-250750.html:text/html}
}